@manual{Oetiket2008Short,
    author = {Oetiket, T. and Partl, H. and Hyna, I. and Schlegl, E.},
    keywords = {latex, tutorial},
    year= 2008,
    title = {The Not So Short Introduction to LaTeX2e},
    url = {http://www.ctan.org/tex-archive/info/lshort/english/lshort.pdf}
}


